<?xml version="1.0" encoding="UTF-8"?>
<collection xmlns:xsi="http://www.w3.org/2001/XMLSchema-instance" xsi:schemaLocation="http://www.loc.gov/MARC21/slim http://www.loc.gov/standards/marcxml/schema/MARC21slim.xsd" xmlns="http://www.loc.gov/MARC21/slim">
<record>
  <leader>00939cam a22002411  4500</leader>
  <controlfield tag="001">3062900</controlfield>
  <controlfield tag="003">NNC</controlfield>
  <controlfield tag="005">20151019143156.0</controlfield>
  <controlfield tag="008">010809s1934    ua            000 0 ara d</controlfield>
  <datafield tag="035" ind1=" " ind2=" ">
    <subfield code="a">(OCoLC)ocm47746837</subfield>
  </datafield>
  <datafield tag="035" ind1=" " ind2=" ">
    <subfield code="9">ATN4641CU</subfield>
  </datafield>
  <datafield tag="035" ind1=" " ind2=" ">
    <subfield code="a">(NNC)3062900</subfield>
  </datafield>
  <datafield tag="035" ind1=" " ind2=" ">
    <subfield code="a">3062900</subfield>
  </datafield>
  <datafield tag="040" ind1=" " ind2=" ">
    <subfield code="a">ZCU</subfield>
    <subfield code="c">ZCU</subfield>
  </datafield>
  <datafield tag="099" ind1=" " ind2=" ">
    <subfield code="a">893.799</subfield>
    <subfield code="a">M2913</subfield>
  </datafield>
  <datafield tag="100" ind1="0" ind2=" ">
    <subfield code="a">Suyūṭī,</subfield>
    <subfield code="d">1445-1505.</subfield>
  </datafield>
  <datafield tag="245" ind1="1" ind2="0">
    <subfield code="a">Tanwīr al-ḥawālik</subfield>
    <subfield code="b">sharh ʻalā Muwaṭṭaʾ Mālik,</subfield>
    <subfield code="c">taʾlīf al-imām Jalāl-al-Dīn ʻAbd-al-Raḥmān al-Suyūtī al-Shāfiʻī. Wa-yalīhi kitāb Asʻāf al-mīṭaʾ birijāl al-Muwaṭṭaʾ, lil-Suyūṭī.</subfield>
  </datafield>
  <datafield tag="260" ind1=" " ind2=" ">
    <subfield code="a">Miṣr,</subfield>
    <subfield code="b">ʻAbd-al-Ḥamīd Aḥmad Ḥanafī</subfield>
    <subfield code="c">[1353 h., 1934 m.]</subfield>
  </datafield>
  <datafield tag="300" ind1=" " ind2=" ">
    <subfield code="a">3 v. in 1.</subfield>
  </datafield>
  <datafield tag="600" ind1="0" ind2="0">
    <subfield code="a">Mālik ibn Anas,</subfield>
    <subfield code="d">-795.</subfield>
    <subfield code="t">Muwaṭṭaʼ.</subfield>
  </datafield>
  <datafield tag="650" ind1=" " ind2="0">
    <subfield code="a">Islamic law</subfield>
    <subfield code="x">Interpretation and construction</subfield>
    <subfield code="v">Early works to 1800.</subfield>
  </datafield>
  <datafield tag="650" ind1=" " ind2="0">
    <subfield code="a">Malikites</subfield>
    <subfield code="v">Early works to 1800.</subfield>
  </datafield>
  <datafield tag="955" ind1=" " ind2=" ">
    <subfield code="b">CU58844236</subfield>
    <subfield code="d">off,glx</subfield>
    <subfield code="e">893.799 M2913</subfield>
  </datafield>
</record>
</collection>